<record><leader>00000cas a2200000Ka 4500</leader><controlfield tag="001">844084233</controlfield><controlfield tag="007">hd uuu---uuuu</controlfield><controlfield tag="008">130522d18231824nhuwr nea     0    0eng d</controlfield><datafield ind1=" " ind2=" " tag="010"><subfield code="a">sn 84023676 </subfield></datafield><datafield ind1=" " ind2=" " tag="040"><subfield code="a">QWX</subfield><subfield code="b">eng</subfield><subfield code="c">QWX</subfield><subfield code="d">OCLCO</subfield><subfield code="d">OCLCF</subfield><subfield code="d">OCLCQ</subfield></datafield><datafield ind1=" " ind2=" " tag="043"><subfield code="a">n-us-nh</subfield></datafield><datafield ind1="0" ind2="0" tag="245"><subfield code="a">Claremont spectator.</subfield></datafield><datafield ind1=" " ind2=" " tag="260"><subfield code="a">Claremont, N.H. :</subfield><subfield code="b">Cyrus Barton,</subfield><subfield code="c">1823-</subfield></datafield><datafield ind1=" " ind2=" " tag="300"><subfield code="a">volumes ;</subfield><subfield code="c">49 cm</subfield></datafield><datafield ind1=" " ind2=" " tag="310"><subfield code="a">Weekly</subfield></datafield><datafield ind1=" " ind2=" " tag="336"><subfield code="a">text</subfield><subfield code="b">txt</subfield><subfield code="2">rdacontent</subfield></datafield><datafield ind1=" " ind2=" " tag="337"><subfield code="a">microform</subfield><subfield code="b">h</subfield><subfield code="2">rdamedia</subfield></datafield><datafield ind1="0" ind2=" " tag="362"><subfield code="a">Vol. 1, no. 1 (Aug. 29, 1823)-</subfield></datafield><datafield ind1="1" ind2=" " tag="362"><subfield code="a">Ceased with Sept. 3, 1824 issue.</subfield><subfield code="z">Cf. Amer. newspapers, 1821-1936.</subfield></datafield><datafield ind1=" " ind2=" " tag="500"><subfield code="a">Editor: C. Barton.</subfield></datafield><datafield ind1=" " ind2=" " tag="533"><subfield code="a">Microfilm.</subfield></datafield><datafield ind1=" " ind2="0" tag="651"><subfield code="a">Claremont (N.H.)</subfield><subfield code="v">Newspapers.</subfield></datafield><datafield ind1=" " ind2="7" tag="651"><subfield code="a">New Hampshire</subfield><subfield code="z">Claremont.</subfield><subfield code="2">fast</subfield><subfield code="0">(OCoLC)fst01205488</subfield></datafield><datafield ind1=" " ind2="7" tag="655"><subfield code="a">Newspapers.</subfield><subfield code="2">fast</subfield><subfield code="0">(OCoLC)fst01423814</subfield></datafield><datafield ind1="1" ind2=" " tag="700"><subfield code="a">Barton, Cyrus,</subfield><subfield code="d">1795-1855.</subfield></datafield><datafield ind1=" " ind2=" " tag="752"><subfield code="a">United States</subfield><subfield code="b">New Hampshire</subfield><subfield code="c">Sullivan</subfield><subfield code="d">Claremont.</subfield></datafield><datafield ind1="0" ind2="0" tag="785"><subfield code="t">New-Hampshire spectator</subfield><subfield code="w">(DLC)sn 84023677</subfield></datafield></record>